@article{Scardovelli1999,
author = {Scardovelli, Ruben and Zaleski, St\'{e}phane},
title = {DIRECT NUMERICAL SIMULATION OF FREE-SURFACE AND INTERFACIAL FLOW},
journal = {Annual Review of Fluid Mechanics},
volume = {31},
number = {1},
pages = {567-603},
year = {1999},
doi = {10.1146/annurev.fluid.31.1.567},
URL = {https://doi.org/10.1146/annurev.fluid.31.1.567},
eprint = {https://doi.org/10.1146/annurev.fluid.31.1.567}
}

@article{BONORCHIS200940,
title = {The influence of boundary conditions on the loading of rectangular plates subjected to localised blast loading – Importance in numerical simulations},
journal = {International Journal of Impact Engineering},
volume = {36},
number = {1},
pages = {40-52},
year = {2009},
issn = {0734-743X},
doi = {https://doi.org/10.1016/j.ijimpeng.2008.03.003},
url = {https://www.sciencedirect.com/science/article/pii/S0734743X08000717},
author = {D. Bonorchis and G.N. Nurick}
}

@article{KOTRLA199682,
title = {Numerical simulations in the theory of crystal growth},
journal = {Computer Physics Communications},
volume = {97},
number = {1},
pages = {82-100},
year = {1996},
note = {High-Performance Computing in Science},
issn = {0010-4655},
doi = {https://doi.org/10.1016/0010-4655(96)00023-9},
url = {https://www.sciencedirect.com/science/article/pii/0010465596000239},
author = {M. Kotrla}
}

@article{Bronikowska2021,
    author = {Bronikowska, M. and Pisarska, J., Loon, A.J. },
    title = {Dropstone deposition: Results of numerical process modeling of deformation structures, and implications for the reconstruction of the water depth in shallow lacustrine and marine successions},
    journal = {Journal of Sedimentary Research},
    volume = {91},
    number = {5},
    pages = {507-519},
    year = {2021},
    month = {05},
    issn = {1527-1404},
    doi = {10.2110/jsr.2020.111},
    url = {https://doi.org/10.2110/jsr.2020.111}
}


@Article{Hien2021,
AUTHOR = {Hien, DoanHuy and Giao, Pham Huy and Ngoc, Pham Quy and Quy, Nguyen Minh and Dung, Bui Viet and Huy, Dinh Duc and Giang, Pham Truong and Long, Hoang},
TITLE = {Numerical Simulation of Low Salinity Water Flooding on Core Samples for an Oil Reservoir in the Nam Con Son Basin, Vietnam},
JOURNAL = {Energies},
VOLUME = {14},
YEAR = {2021},
NUMBER = {9},
ARTICLE-NUMBER = {2658},
URL = {https://www.mdpi.com/1996-1073/14/9/2658},
ISSN = {1996-1073},
DOI = {10.3390/en14092658}
}


@Article{WANG2013,
author = {Fei Wang and Binliang Lin},
title = {Modelling habitat suitability for fish in the fluvial and lacustrine regions of a new Eco-City},
journal = {Ecological Modelling},
volume = {267},
pages = {115-126},
year = {2013},
issn = {0304-3800},
doi = {https://doi.org/10.1016/j.ecolmodel.2013.07.024},
url = {https://www.sciencedirect.com/science/article/pii/S0304380013003797}
}

@misc{stratigraphy2022,
  author = {International Commission on Stratigraphy},
  title = {{Internatinal Chronostratigraphic Chart}},
  url = {https://stratigraphy.org/},
  year = {2022}
}

@book{Gomes2021,
	title={O método K-Means na classificação de litofácies a partir
	de perfis geofísicos sintéticos inspirados no campo de
	Namorado, Bacia de Campos.},
	author={Gomes, Ibsen and Carreira, Victor and Bijani, Rodrigo},
	year={2021},
	url = {http://www.geofisica.uff.br/sites/default/files/projetofinal/2021_ibsen_pereira_da_silva_gomes.pdf},
	publisher={Universidade Federal Fluminense}
}

@article{Souza2008,
	title = {Avalia\c{c}\~ao do efeito t\'ermico das intrusivas \'igneas em um horizonte potencialmente gerador da {Bacia} do {Paran\'a}: {Forma\c{c}\~ao} {Irati}},
	volume = {38},
	number = {2},
	journal = {Revista Brasileira de Geoci\^encias},
	author = {Souza, Igor Viegas Alves Fernandes de and Mendon\c{c}a Filho, Jo\~ao Graciano and Menezes, Ta\'issa R\^ego},
	month = jun,
	year = {2008},
	pages = {138-148}
}

@article{Talbot1988,
author = {M. R. Talbot },
title = {The origins of lacustrine oil source rocks: evidence from the lakes of tropical Africa},
journal = {Geological Society, London, Special Publications},
volume = {40},
number = {1},
pages = {29-43},
year = {1988},
doi = {10.1144/GSL.SP.1988.040.01.04},
}

@article{ZSWZIA2016,
author = {Hamilton, Stuart and Munyaho, Anthony Taabu and Krach, Noah and Glaser, Sarah},
publisher = {Harvard Dataverse},
title = {Lake Victoria Bathymetry Contours, V7},
year = {2016},
version = {V10},
doi = {10.7910/DVN/ZSWZIA},
url = {https://doi.org/10.7910/DVN/ZSWZIA}
}


@article{Xue2022,
  title={Multiscenario-based deep learning workflow for high-resolution seismic inversion on Brazil presalt 4D},
  author={Yang Xue and Daniel Clarke and Kanglin Wang},
  journal={Second International Meeting for Applied Geoscience \& Energy},
  year={2022},
  url={https://api.semanticscholar.org/CorpusID:251605562}
}


@article{Neves2019,
  title={Presalt reservoirs of the Santos Basin: Cyclicity, electrofacies, and tectonic-sedimentary evolution},
  author={Neves, I. and Lupinacci, W. and  Ferreira, D. and  Zambrini, J. and  Oliveira, L. and Azul, M. and Ferrari, A. and Gambôa, L.},
  journal={Interpretation},
  year={2019},
  doi={10.1190/int-2018-0237.1},
  url={https://library.seg.org/doi/full/10.1190/INT-2018-0237.1}
}


@article{Boyd2015,
author = {Boyd, Austin and Souza, Andre and Carneiro, Giovanna and Machado, Vinicius and Trevizan, Willian and Coutinho, Bernardo and Netto, Paulo and Azeredo, Rodrigo and Polinski, Ralf and Bertolini, Andre},
year = {2015},
month = {12},
pages = {577},
title = {Presalt Carbonate Evaluation for Santos Basin, Offshore Brazil},
volume = {56},
journal = {PETROPHYSICS}
}


@article{Wright2018,
author = {Wright, Paul and Rodriguez, Karyna},
year = {2018},
month = {05},
pages = {71-77},
title = {Reinterpreting the South Atlantic Pre-Salt ‘Microbialite’ reservoirs: Petrographic, isotopic and seismic evidence for a shallow evaporitic lake depositional model},
volume = {36},
journal = {First Break},
doi = {10.3997/1365-2397.n0094}
}

@article{Siddig2021,
  title={Utilization of adaptive neuro-fuzzy interference system and functional network in prediction of total organic carbon content},
  author={Osama Siddig and Hany Gamal and Pantelis Soupios and Salaheldin Elkatatny},
  journal={SN Applied Sciences},
  year={2021},
  volume={4},
  url={https://api.semanticscholar.org/CorpusID:245139557}
}


@book{Jafelice2012,
author = {Jafelice, Rosana and Barros, Laécio and Bassanezi, Rodney},
year = {2012},
month = {09},
pages = {240},
title = {Teoria dos conjuntos fuzzy com aplicações},
isbn = {ISSN 2236-5915}
}


@article{Scotese2013,
author = {Scotese, Christopher},
year = {2013},
month = {12},
pages = {3},
title = {KT Globe, PALEOMAP Project, Evanston},
url = {www.paleomap.com},
doi = {10.13140/2.1.4501.5688}
}

@article{josh2019,
  author = {Josh Warner and Jason Sexauer and alexsavio and Aishwarya Unnikrishnan and Guilherme Castelão and Felipe Arruda Pontes and Tobias laurazh and Fernando Batista and alexbuy and Wouter Van den Broeck and William Song and Roberto Abdelkader Martínez Pérez and James F. Power and Himanshu Mishra and Guillem Orellana Trullols and Axel Hörteborn},
  title        = {Scikit-Fuzzy version 0.4.2},
  month        = {nov},
  year         = {2019},
  publisher    = {Zenodo},
  version      = {v0.4.2},
  doi          = {10.5281/zenodo.3541386},
  url          = {https://doi.org/10.5281/zenodo.3541386}
}


@article{Goncalves2001,
author = {Gonçalves, F},
year = {2001},
month = {01},
pages = {5-23},
title = {CONTROLES LIMNOLÓGICOS SOBRE A FORMAÇÃO DE ROCHAS GERADORAS DE PETRÓLEO LACUSTRES: O EXEMPLO DA BACIA DE CAMAMU, NORDESTE DO BRASIL Félix Thadeu Teixeira GONÇALVES},
volume = {20},
journal = {Geociências - UNESP}
}

@article{kelts1988,
  title={Environments of deposition of lacustrine petroleum source rocks: an introduction},
  author={Kelts, K},
  journal={Geological Society, London, Special Publications},
  volume={40},
  number={1},
  pages={3--26},
  year={1988},
  publisher={The Geological Society of London}
}